@misc{rfc1459,
  author="J. Oikarinen and D. Reed",
  title="{Internet Relay Chat Protocol}",
  series="Request for Comments",
  number="1459",
  howpublished="RFC 1459 (Experimental)",
  publisher="IETF",
  organization="Internet Engineering Task Force",
  year=1993,
  month=may,
  note="Updated by RFCs 2810, 2811, 2812, 2813",
  url="http://www.ietf.org/rfc/rfc1459.txt",
}
@misc{xmpp,
  author="P. Saint-Andre",
  title="{Extensible Messaging and Presence Protocol (XMPP)}",
  series="Request for Comments",
  number="6120",
  howpublished="RFC 6120",
  publisher="IETF",
  organization="Internet Engineering Task Force",
  year=2011,
  month=mar,
  url="http://www.ietf.org/rfc/rfc6120.txt",
}
@misc{TLS,
  author="T. Dierks and E. Rescorla",
  title="{The Transport Layer Security (TLS) Protocol}",
  series="Request for Comments",
  number="5246",
  howpublished="RFC 5246",
  publisher="IETF",
  organization="Internet Engineering Task Force",
  year=2008,
  month=aug,
  url="http://www.ietf.org/rfc/rfc5246.txt",
}
@misc{rfc2119,
  author="S. Bradner",
  title="{Key words for use in RFCs to Indicate Requirement Levels}",
  series="Request for Comments",
  number="2119",
  howpublished="RFC 2119",
  publisher="IETF",
  organization="Internet Engineering Task Force",
  year=1997,
  month=mar,
  url="http://www.ietf.org/rfc/rfc2119.txt",
}
@misc{searchirc,
  author="EverythingIRC, Inc.",
  title="SearchIRC Home Page",
  howpublished="Internet",
  year=2010,
  month=dec,
  note="Our IRC search engine monitors 5,876 IRC networks",
  url="http://searchirc.com/",
}